@inbook{sophocles,
author = {Orphandis, Sophocles},
title = {Electromagnetic Waves},
year = {2016},
edition = {1},
publisher = {Rutgers University},
chapter = {Antenna Arrays},
pages = {1089 - 1090}
}

@inbook{sophocles2,
author = {Orphandis, Sophocles},
title = {Electromagnetic Waves},
year = {2016},
edition = {1},
publisher = {Rutgers University},
chapter = {Antenna Arrays},
pages = {1103 - 1104}
}

@misc{sauron,
    author    = "Brown, Walter and LaSalle, Jose and Goodman, Zachary, and Meh, Omid",
    title     = "Sauron Security Final Design Review Report",
    year     = "2016",
    month    = "April",
    note     = "Senior Design Project",
}

@techreport{hl_nih,
author = "National Institute on Deafness and Other Communication Disorders",
title = "Age-Related Hearing Loss",
institution = "US Department of Health and Human Services, National Institutes of Health",
year = "2016",
number = "97-4235"
}

@article{myers,
author = "Myers, David",
title = "Silently Suffering From Hearing Loss Negatively Affects Quality of Life",
journal = "American Psychological Association",
month = "October",
year = "2016"
}

@article{lin,
author = {Lin, FR. and Yaffe, K. and Xia, J. and Xue, Q. and Harris, TB. and Purchase-Helzner, E. and Satterfield, S. and Ayonayon, HN. and Ferrucci, L. and Simonsick, EM},
title = "Health ABC Study Group FT. Hearing Loss and Cognitive Decline in Older Adults",
journal = "JAMA Intern Med",
year = "2013",
pages = "293-299",
}

@article{kochkin,
author = {Kockkin, S},
title = "MarkeTrak V: Why my hearing aids are in the drawer: The Consumer's Perspective",
journal = "The Hearing Journal",
volume = "53",
year = "2000",
pages = "34-42"
}

@techreport{polycom,
author = "Rodman, Jeff",
title = "The Effect of Bandwidth on Speech Intelligibility",
institution = "Polycom, Inc",
month = "January",
year = "2003"
}

@misc{chen,
author = {Chen, Cecilia},
title = "Verifications of Specifications and Aptitude for Short-Range Applications of the Kinect v2 Depth Sensor",
year = "2014",
month = "Sepember",
howpublished = "NASA Glen Research Center",
note = "Slide Deck"
}